@book{Golub:1996:Matrix,
  author =       "Golub,Gene H.  and Van Loan, Charles F.",
  title =        "{Matrix Computations}",
  edition =      "third",
  publisher =    "JHU Press",
  year =         "1996"
}

@misc{ISO:2010:Fortran,
  title="{ISO/IEC 1539--1:2010(E) Information technology -- Programming languages -- Fortran -- Part1 : Base language}",
  author={ISO/IEC},
  year={2010},
  month={June},
  publisher={ISO}
}

@manual{Intel:2013:Instruction,
  title={Intel64 and IA32 Architectures Software Developer's Manual},
  author={Intel},
  year={2013},
  month={July},
  publisher={Intel Corporation}
}

@article{Bader:2006:Algorithm862,
 author = {Bader, Brett W. and Kolda, Tamara G.},
 title = {Algorithm 862: MATLAB tensor classes for fast algorithm prototyping},
 journal = {ACM Trans. Math. Softw.},
 volume = {32},
 issue = {4},
 month = {December},
 year = {2006},
 pages = {635--653},
 publisher = {ACM},
}


@article{Park:2003:Tiling,
    author = {Park,Neungsoo and Hong,Bo and Prasanna, Viktor K.},
    title = {Tiling, block data layout, and memory hierarchy performance},
    journal = {IEEE Transactions on Parallel and Distributed Systems},
    year = {2003},
    volume = {14}
}

@techreport{Low:2004:Api,
    author = {Low,Tze Meng and Van De Geijn,Robert A.},
    title = {An api for manipulating matrices stored by blocks},
    institution = {The University of Texas at Austin},
    year = {2004}
}

@article{Elmroth:2004:Recursive, 
	title={Recursive Blocked Algorithms and Hybrid Data Structures for Dense Matrix Library Software}, 
	volume={46}, 
	number={1}, 
	journal={SIAM Review}, 
	author={Elmroth, Erik and Gustavson, Fred and Jonsson, Isak and Kagstrom, Bo}, 
	year={2004}, 
	pages={3--45}
	}

@inproceedings{Herrero:2007:Layout,
 author = {Herrero, Jose R. and Navarro, Juan J.},
 title = {Using non-canonical array layouts in dense matrix operations},
 booktitle = {Proceedings of the 8th international conference on Applied parallel computing: state of the art in scientific computing},
 series = {PARA'06},
 year = {2007},
 pages = {580--588},
 publisher = {Springer-Verlag},
 address = {Berlin, Heidelberg},
}

@article{Born:2010:Runtime,
  author    = {Bj{\"o}rn Andres and Ullrich K{\"o}the and Thorben Kr{\"o}ger and Fred A. Hamprecht},
  title     = {Runtime-Flexible Multi-dimensional Arrays and Views for C++98 and C++0x},
  journal   = {Computing Research Repository},
  volume    = {abs/1008.2909},
  year      = {2010}
}

@article{Boost:2005,
	author = {Garcia, Ronald and Lumsdaine, Andrew},
	journal = {Software: Practice and Experience},
	number = {2},
	pages = {159--188},
	title = {{MultiArray: a C++ library for generic programming with arrays}},
	volume = {35},
	year = {2005}
}

@inproceedings{Blitz:1998,
    author = {Todd L. Veldhuizen},
    title = {Arrays in Blitz++},
    booktitle = {ISCOPEâ€™98},
    year = {1998},
    publisher = {Springer-Verlag}
}


@article{Lathauwer:2000:SVD,
    author = {Lieven De Lathauwer and Bart De Moor and Joos Vandewalle},
    title = {A multilinear singular value decomposition},
    journal = {SIAM J. Matrix Anal. Appl},
    year = {2000},
    volume = {21},
    pages = {1253--1278}
}

@article{Paek:2002:Efficient,
	title={Efficient and Precise Array Acces Analysis}, 
	volume={24}, 
	number={1}, 
	journal={ACM Transactions on Programming Languages and Systems}, 
	author={Paek, Y. and Hoeflinger, J. and Padua, D.}, 
	year={2002}
}


@article{Andersson:2000:Toolbox, 
	title={The N-way Toolbox for MATLAB}, 
	volume={52}, 
	number={1}, 
	journal={Chemometrics and Intelligent Laboratory Systems}, 
	author={Andersson, Claus A. and Bro, Rasmus}, 
	year={2000}
}
